@article{Bellman1958,
	doi = {10.1090/qam/102435},
	url = {https://doi.org/10.1090/qam/102435},
	year = {1958},
	month = apr,
	publisher = {American Mathematical Society ({AMS})},
	volume = {16},
	number = {1},
	pages = {87--90},
	author = {Richard Bellman},
	title = {On a routing problem},
	journal = {Quarterly of Applied Mathematics}
}